@article{Aguila84,
	author = {\'{A}guila, L. and Ruiz-Shulcloper, J.},
	journal = {Revista ciencias matem\'{a}ticas (In Spanish)},
	mendeley-groups = {Reducts},
	number = {3},
	title = {{Algorithm MB for the elaboration of k-valued information on pattern recognition problems}},
	volume = {5},
	year = {1984},
	pages = {89--101}
}
@incollection{Alba14,
author = {Alba-Cabrera, E. and Ibarra-Fiallo, J. and Godoy-Calderon, S. and Cervantes-Alonso, F.},
booktitle = {Progress in Pattern Recognition, Image Analysis, Computer Vision, and Applications},
file = {:home/bill/Documents/Mendeley Desktop/2014/Alba-Cabrera et al. - 2014 - YYC A Fast Performance Incremental Algorithm for Finding Typical Testors.pdf:pdf},
mendeley-groups = {Reducts},
pages = {416--423},
publisher = {Springer},
title = {{YYC: A Fast Performance Incremental Algorithm for Finding Typical Testors}},
year = {2014}
}
@article{Alwesabi2016,
author = {Alwesabi, K. and Gui, W. and Yang, C. and Rajeh, H.},
issn = {17389968},
journal = {International Journal of Hybrid Information Technology},
keywords = {minimal attributes reduction,partition algorithm,rough set algorithm},
mendeley-groups = {Reducts},
number = {8},
pages = {333--346},
title = {{Feature Selection based on Rough Sets and Minimal Attribute Reduction Algorithm}},
volume = {9},
year = {2016}
}
@article{Ayaquica97,
author = {Ayaquica, I.},
journal = {Memories of the II Iberoamerican Worshop on Pattern Recognition (In Spanish)},
mendeley-groups = {Reducts},
pages = {141--148},
title = {{A new external scale algorithm for typical testor computation}},
year = {1997}
}
@article{Bazan2001,
	author = {Bazan, J.G. and Szczuka, M.},
	file = {:home/bill/Documents/Mendeley Desktop/2001/Bazan, Szczuka - 2001 - RSES and RSESlib-a collection of tools for rough set computations.pdf:pdf},
	journal = {Rough Sets and Current Trends in Computing},
	mendeley-groups = {Reducts},
	pages = {106--113},
	title = {{RSES and RSESlib-a collection of tools for rough set computations}},
	year = {2001}
}
@misc{Bache13,
author = {Bache, K. and Lichman, M.},
booktitle = {URL http://archive. ics. uci. edu/ml},
mendeley-groups = {Reducts},
title = {{UCI machine learning repository}},
volume = {901},
year = {2013}
}
@article{Bhattacharyya2000,
	author = {Bhattacharyya, S.S. and Sriram, S. and Lee, E.A.},
	journal = {IEEE Trans. Circuits Syst I: Fundam. Theory Appl.},
	mendeley-groups = {Reducts},
	number = {11},
	pages = {1597--1609},
	title = {{Resynchronization for multiprocessor DSP systems}},
	volume = {47},
	year = {2000}
}
@article{Bjorvand97,
author = {Bjorvand, A.T. and Komorowski, J.},
file = {:home/vladimir/Documents/Mendeley Desktop/Vhwv, Dojrulwkpv, Uhgxfwlrq/Unknown/Vhwv, Dojrulwkpv, Uhgxfwlrq - Unknown - H Zloo Frqfhqwudwh Rq Rqo Rqh Uhsuhvhqwdwlrq Dqg H Shulphqw Ixuwkhu Zlwk Wkh Ilwqhvv Ixqfwl.pdf:pdf},
journal = {Wissenschaft \& Technik Verlag},
mendeley-groups = {Reducts},
pages = {601--606},
title = {{Practical applications of genetic algorithms for efficient reduct computation}},
volume = {4},
year = {1997}
}
@article{Bravo83,
	author = {Bravo-Martinez, A.},
	journal = {Revista ciencias matem\'{a}ticas (In Spanish)},
	mendeley-groups = {Reducts},
	number = {2},
	pages = {123--144},
	title = {{Algorithm CT for Calculating the Typical Testors of k-valued Matrix}},
	volume = {4},
	year = {1983}
}
@article{Caprara1998,
	author = {Caprara, A. and Toth, P. and Vigo, D. and Fischetti, M.},
	journal = {Oper. Res.},
	mendeley-groups = {Reducts},
	number = {6},
	pages = {820--830},
	title = {{Modeling and solving the crew rostering problem}},
	volume = {46},
	year = {1998}
}
@article{Chebrolu2015,
author = {Chebrolu, S. and Sanjeevi, S.G.},
file = {:home/vladimir/Documents/Mendeley Desktop/Chebrolu, Sanjeevi/Unknown/Chebrolu, Sanjeevi - 2015 - Attribute Reduction on Continuous Data in Rough Set Theory using Ant Colony Optimization Metaheuristic.pdf:pdf},
isbn = {9781450333610},
keywords = {ant colony optimization,attribute reduction,boolean reasoning,discernibility,discretization,in-,rough set theory},
mendeley-groups = {Reducts},
pages = {17--24},
title = {{Attribute Reduction on Continuous Data in Rough Set Theory using Ant Colony Optimization Metaheuristic}},
year = {2015}
}
@article{Cheguis55,
	author = {Cheguis, I. A. and Yablonskii, S. V.},
	journal = {Uspieji Matematicheskij Nauk (In Russian)},
	mendeley-groups = {Reducts},
	number = {66},
	pages = {182--184},
	title = {{About Testors for Electrical Outlines}},
	volume = {4},
	year = {1955}
}
@article{Chen11,
author={Chen,Y. and Miao, D. and Wang, R. and Wu, K.},
year={2011},
title={A rough set approach to feature selection based on power set tree},
journal={Knowledge-Based Systems},
volume={24},
number={2},
pages={275-281},
language={English},
}
@article{Chen10,
author = {Chen, Y. and Miao, D. and Wang, R.},
journal = {Pattern Recognition Letters},
keywords = {Ant colony optimization,Data mining,Feature selection,Mutual information,Rough sets},
mendeley-groups = {Reducts},
number = {3},
pages = {226--233},
publisher = {Elsevier B.V.},
title = {{A rough set approach to feature selection based on ant colony optimization}},
volume = {31},
year = {2010}
}
@article{Chen2012,
author = {Chen, D. and Zhao, S. and Zhang, L. and Yang, Y. and Zhang, X.},
journal = {IEEE Transactions on Knowledge and Data Engineering},
keywords = {Rough set,attribute reduction,sample pair core,sample pair selection},
mendeley-groups = {Reducts},
number = {11},
pages = {2080--2093},
title = {{Sample pair selection for attribute reduction with rough set}},
volume = {24},
year = {2012}
}
@article{chen2015,
  title={The relationship between attribute reducts in rough sets and minimal vertex covers of graphs},
  author={Chen, J. and Lin, Y. and Lin, G. and Li, J. and Ma, Z.},
  journal={Information Sciences},
  volume={325},
  pages={87--97},
  year={2015},
  publisher={Elsevier}
}
@article{Chen15,
  title={Finding rough set reducts with fish swarm algorithm},
  author={Chen, Yumin and Zhu, Qingxin and Xu, Huarong},
  journal={Knowledge-Based Systems},
  volume={81},
  pages={22--29},
  year={2015},
  publisher={Elsevier}
}
@book{Chikalov2013,
	author = {Chikalov, I. and Lozin, V.V. and Lozina, I. and Moshkov, M. and Nguyen, H.S. and Slowron, A. and Zielosko, B.},
	pages = {202},
	publisher = {Springer Science \& Business Media},
	title = {{Three approaches to data analysis}},
	year = {2013}
}
@inproceedings{Choroma,
author={Choroma{\'{n}}ski, M. and Grze{\'{s}}, T. and Ho{\'{n}}ko, P.},
editor={Saeed, K. Chaki, R. and Janev, V.},
title={ FPGA Devices in the Problem of Finding Minimal Reducts},
booktitle={Computer Information Systems and Industrial Management},
year={2019},
publisher={Springer International Publishing},
address={Cham},
pages={410--420}
}
@article{Chouchoulas01,
author = {Chouchoulas, A. and Shen, Q.},
journal = {Applied Artificial Intelligence},
number = {January},
pages = {843--873},
title = {{Rough set-aided keyword reduction for text categorization}},
volume = {15},
year = {2001}
}
@inproceedings{Cumplido06,
author = {Cumplido, R. and Carrasco-Ochoa, J. Ariel and Feregrino, C.},
booktitle = {CIARP 2006},
pages = {665--673},
title = {{On the Design and Implementation of a High Performance Configurable Architecture for Testor Identification LNCS.pdf}},
year = {2006}
}
@article{Davis62,
author = {Davis, M. and Logemann, G. and Loveland, D.},
journal = {Communications of the ACM},
number = {7},
pages = {394--397},
publisher = {ACM},
title = {{A machine program for theorem-proving}},
volume = {5},
year = {1962}
}
@article{Demsar2006,
	author = {Dem\v{s}ar, J.},
	journal = {The Journal of Machine Learning Research},
	keywords = {comparative studies,friedman test,multiple comparisons tests,statistical methods,wilcoxon signed ranks test},
	mendeley-groups = {Reducts},
	pages = {1--30},
	pmid = {20451214},
	title = {{Statistical Comparisons of Classifiers over Multiple Data Sets}},
	volume = {7},
	year = {2006}
}
@article{Dmitriev1966,
	author = {Dmitriev, A. and Zhuravlev, I. and Krendeliev, F.},
	journal = {Diskretni Analiz (In Russian)},
	mendeley-groups = {Reducts},
	pages = {3--15},
	title = {{About mathematical principles and phenomena classification}},
	volume = {7},
	year = {1966}
}
@article{Feng2012,
author = {Feng, Y. and Weihua, G. and Yong, C. and Yongfang, X. and Huifeng, R.},
mendeley-groups = {Reducts},
pages = {1967--1971},
title = {{Rough Set Knowledge Reduction Approach Based on Improving Genetic Algorithm}},
year = {2012}
}
@inproceedings{Flores2010,
author = {Flores, M. and G\'{o}mez, J. and Mart\'{\i}nez, A. and Puerta, J.},
booktitle = {LNCS},
number = {PART 1},
pages = {570--579},
title = {{Analyzing the impact of the discretization method when comparing Bayesian classifiers}},
volume = {6096 LNAI},
year = {2010}
}
@article{Grzes13,
author = {Grze, T.},
pages = {263--270},
title = {{FPGA in Rough Set Based Core and Reduct Computation}},
year = {2013}
}
@article{Haveraaen01,
author = {Haveraaen, M. and Hundvebakke, H.},
journal = {Norsk Informatikkonferanse},
pages = {176--185},
title = {{Some Statistical Performance Estimation Techniques for Dynamic Machines}},
year = {2001}
}
@inproceedings{Hedar2015,
	author = {Hedar, Abdel-rahman and Omar, Mohamed Adel and Sewisy, Adel A},
	booktitle = {Software Engineering, Artificial Intelligence, Networking and Parallel/Distributed Computing (SNPD), 2015 16th IEEE/ACIS International Conference on},
	pages = {1--7},
	title = {{Rough Sets Attribute Reduction Using an Accelerated Genetic Algorithm}},
	year = {2015}
}
@inproceedings{Inuiguchi2017,
	author = {Inuiguchi, M.},
	booktitle = {Fuzzy Sets, Rough Sets, Multisets and Clustering},
	pages = {241--255},
	publisher = {Springer International Publishing},
	title = {{Attribute Importance Degrees Corresponding to Several Kinds of Attribute Reduction in the Setting of the Classical Rough Sets}},
	year = {2017}
}
@inproceedings{Ishii2018,
	author = {Ishii, N. and Torii, I. and Iwata, K. and Odagiri, K. and Nakashima, T.},
	booktitle = {Advances in Computational Intelligence Systems: Contributions Presented at the 17th UK Workshop on Computational Intelligence, 2017, Cardiff, UK},
	pages = {159--170},
	publisher = {Springer International Publishing},
	title = {{Generation of Reducts and Threshold Functions Using Discernibility and Indiscernibility Matrices for Classification}},
	year = {2018}
}
@article{Jensen01,
	author = {Jensen, R. and Shen, Q.},
	journal = {Web Intelligence: Research and Development},
	mendeley-groups = {Reducts},
	pages = {95--105},
	publisher = {Springer},
	title = {{A rough set-aided system for sorting WWW bookmarks}},
	year = {2001}
}
@article{Jensen03,
author = {Jensen, R. and Shen, Q.},
journal = {Proceedings of the 2003 UK workshop on},
number = {2},
pages = {15--22},
title = {{Finding rough set reducts with ant colony optimization}},
volume = {1},
year = {2003}
}
@article{Jensen04,
author = {Jensen, R. and Shen, Q.},
journal = {IEEE Transactions on Knowledge and Data Engineering},
keywords = {Dimensionality reduction,Feature selection,Feature transformation,Fuzzy-rough selection,Rough selection},
number = {12},
pages = {1457--1471},
title = {{Semantics-preserving dimensionality reduction: Rough and fuzzy-rough-based approaches}},
volume = {16},
year = {2004}
}
@article{Jensen14,
author = {Jensen, R. and Tuson, A. and Shen, Q.},
journal = {Information Sciences},
keywords = {Boolean satisfiability,Feature selection,Fuzzy rough set theory,Rough set theory},
mendeley-groups = {Reducts},
pages = {100--120},
title = {{Finding rough and fuzzy-rough set reducts with SAT}},
volume = {255},
year = {2014}
}
@article{Jiang15,
author = {Jiang, Y. and Yu, Y.},
journal = {Soft Computing},
keywords = {compactness discernibility information tree,discernibility matrix,minimal,reduction,rough set},
mendeley-groups = {Reducts},
number = {2009},
pages = {1--11},
title = {{Minimal attribute reduction with rough set based on compactness discernibility information tree}},
year = {2015}
}
@article{Jiao10,
author = {Jiao, N. and Miao, D. and Zhou, J.},
journal = {Expert Systems with Applications},
keywords = {Composition,Decomposition,Feature selection,Master-table,Sub-table},
mendeley-groups = {Reducts},
number = {12},
pages = {7419--7426},
publisher = {Elsevier Ltd},
title = {{Two novel feature selection methods based on decomposition and composition}},
volume = {37},
year = {2010}
}
@inproceedings{Johnson74,
author = {Johnson, D.S.},
booktitle = {Proceedings of the fifth annual ACM symposium on Theory of computing},
pages = {38--49},
title = {{Approximation algorithms for combinatorial problems}},
year = {1973}
}
@article{Kahramanli2011,
author = {Kahramanli, Sirzat and Hacibeyoglu, Mehmet and Arslan, Ahmet},
journal = {Expert Systems with Applications},
keywords = {Boolean functions,Datasets,Discernibility function,Feature selection,Information system},
mendeley-groups = {Reducts},
number = {7},
pages = {8229--8239},
publisher = {Elsevier Ltd},
title = {{A Boolean function approach to feature selection in consistent decision information systems}},
volume = {38},
year = {2011}
}

@article{Kanazawa11,
author = {Kanazawa, K. and Maruyama, T.},
journal = {Proceedings - 21st International Conference on Field Programmable Logic and Applications, FPL 2011},
keywords = {FPGA,Formal verification,SAT},
mendeley-groups = {Reducts},
pages = {38--43},
title = {{An FPGA solver for SAT-encoded formal verification problems}},
year = {2011}
}
@inproceedings{Kopczynski14,
author = {Kopczynski, M. and Grze, T. and Stepaniuk, J.},
booktitle = {International Joint Conferences on Web Intelligence (WI) and Intelligent Agent Technologies (IAT)},
pages = {364--370},
title = {{FPGA in Rough-Granular Computing: Reduct Generation}},
year = {2014}
}
@article{Lazo-Cortes2013,
author = {Lazo-Cort{\'{e}}s, M.S. and Mart{\'{i}}nez-Trinidad, J.F. and Carrasco-Ochoa, J.A. and S{\'{a}}nchez-D{\'{i}}az, G.},
journal = {Lecture Notes in Computer Science (including subseries Lecture Notes in Artificial Intelligence and Lecture Notes in Bioinformatics)},
keywords = {Attribute reduction,Binary discernibility matrix,Reduct,Rough sets},
mendeley-groups = {Reducts},
number = {PART 1},
pages = {302--310},
title = {{Easy categorization of attributes in decision tables based on basic binary discernibility matrix}},
volume = {8258 LNCS},
year = {2013}
}
@article{Lazo15,
author = {Lazo-Cort\'{e}s, M.S. and Mart\'{\i}nez-Trinidad, J.F. and Carrasco-Ochoa, J.A. and S\'{a}nchez-D\'{\i}az, G.},
journal = {Information Sciences},
pages = {152--163},
publisher = {Elsevier},
title = {{On the relation between rough set reducts and typical testors}},
volume = {294},
year = {2015}
}
@article{Lazo01,
author = {Lazo-Cort\'{e}s, M. and Ruiz-Shulcloper, J. and Alba-Cabrera, E.},
journal = {Pattern Recognition},
keywords = {Discriminating features,Feature combination,Feature selection,Testor},
mendeley-groups = {Reducts},
number = {4},
pages = {753--762},
title = {{An overview of the evolution of the concept of testor}},
volume = {34},
year = {2001}
}
@article{Li2015,
author = {Li, G. and Zaki, M.J.},
journal = {Data Mining and Knowledge Discovery},
keywords = {classification,disjunctive patterns,expressions,frequent pattern mining,markov chain,minimal boolean,minimal generators,pattern sampling},
mendeley-groups = {Reducts},
number = {1},
pages = {181--225},
title = {{Sampling frequent and minimal boolean patterns: theory and application in classification}},
volume = {30},
year = {2015}
}

@phdthesis{Li2007,
	author = {Li, J.},
	booktitle = {Doctoral dissertation, University of Waterloo},
	pages = {191},
	title = {{Rough set based rule evaluations and their applications}},
	year = {2007}
}
@article{Liang2014,
author = {Liang, J. and Wang, F. and Dang, C. and Qian, Y.},
journal = {IEEE Transactions on Knowledge and Data Engineering},
keywords = {Dynamic data sets,feature selection,incremental algorithm,rough set theory},
mendeley-groups = {Reducts},
number = {2},
pages = {294--308},
title = {{A group incremental approach to feature selection applying rough set technique}},
volume = {26},
year = {2014}
}
@inproceedings{Lias09,
author = {Lias-Rodr\'{\i}guez, A. and Pons-Porrata, A.},
booktitle = {CIARP 2009},
pages = {433--440},
title = {{BR: A new method for computing all typical testors}},
volume = {5856},
year = {2009}
}

@article{Lias13,
author = {Lias-Rodr\'{\i}guez, A. and S\'{a}nchez-D\'{\i}az, G.},
journal = {International Journal of Pattern Recognition and Artificial Intelligence},
mendeley-groups = {Reducts},
number = {08},
pages = {1350022},
title = {{An Algorithm for Computing Typical Testors Based on Elimination of Gaps and Reduction of Columns}},
volume = {27},
year = {2013}
}
@inproceedings{Lin04,
author = {Lin, T.Y. and Yin, P.},
booktitle = {Rough Sets and Current Trends in Computing},
pages = {465--470},
publisher = {Springer Berlin Heidelberg},
title = {{Heuristically Fast Finding of the Shortest Reducts}},
year = {2004}
}
@article{Luan2015,
author = {Luan, X.Y. and Li, Z.P. and Liu, T.Z.},
pages = {1--8},
publisher = {Elsevier},
title = {{A novel attribute reduction algorithm based on rough set and improved artificial fish swarm algorithm}},
year = {2015}
}
@article{Martinez01,
author = {Mart\'{\i}nez, J.F. and Guzm\'{a}n, A.},
journal = {Pattern Recognition},
number = {4},
pages = {741--751},
publisher = {Elsevier},
title = {{The logical combinatorial approach to pattern recognition, an overview through selected works}},
volume = {34},
year = {2001}
}
@inproceedings{Mukamakuza2014,
author = {Mukamakuza, C.P. and Wang, J.},
booktitle = {Natural Computation (ICNC), 2014 10th International Conference on},
pages = {480--485},
publisher = {IEEE},
title = {{Dynamic Reducts Computation Analysis Based on Rough Sets}},
year = {2014}
}
@article{Nguyen97,
author = {Nguyen, H.S. and Skowron, A.},
journal = {Foundations of Intelligent Systems},
mendeley-groups = {Reducts},
pages = {117--126},
title = {{Boolean Reasoning for Feature Extraction Problems}},
year = {1997}
}
@inproceedings{Nguyen2016,
author = {Nguyen, S.H. and Szczuka, M.},
booktitle = {Rough Sets: International Joint Conference, IJCRS 2016, Santiago de Chile, Proceedings},
pages = {537--547},
publisher = {Springer International Publishing},
title = {{Feature Selection in Decision Systems with Constraints}},
year = {2016}
}

@article{Ohrn00,
author = {{\O}hrn, A.},
pages = {223},
title = {{Discernibility and rough sets in medicine: tools and applications}},
year = {2000}
}
@article{Own2015,
author = {Own, H.S. and Yahyaoui, H.},
journal = {Information Systems Frontiers},
mendeley-groups = {Reducts},
number = {6},
pages = {1301--1311},
title = {{Rough set based classification of real world Web services}},
volume = {17},
year = {2015}
}

@article{Parthalain08,
author = {Parthal\'{a}in, N.M. and Jensen, R. and Shen, Q.},
journal = {IEEE International Conference on Fuzzy Systems},
mendeley-groups = {Reducts},
pages = {1282--1288},
title = {{Finding fuzzy-rough reducts with fuzzy entropy}},
year = {2008}
}
@book{Pawlak81,
author = {Pawlak, Z.},
mendeley-groups = {Reducts},
publisher = {Polish Academy of Sciences [PAS]. Institute of Computer Science},
title = {{Classification of objects by means of attributes}},
year = {1981}
}
@book{Pawlak81-2,
author = {Pawlak, Z.},
mendeley-groups = {Reducts},
publisher = {Polish Academy of Sciences [PAS]. Institute of Computer Science},
title = {{Rough relations}},
year = {1981}
}
@article{Pawlak82,
author = {Pawlak, Z.},
journal = {International Journal of Computer and Information Sciences},
mendeley-groups = {Reducts},
pages = {1--51},
volume={11},
number={5},
title = {{Rough sets}},
year = {1982}
}
@book{Pawlak91,
author = {Pawlak, Z.},
mendeley-groups = {Reducts},
publisher = {Springer Science \& Business Media},
title = {{Rough sets: Theoretical aspects of reasoning about data}},
volume = {9},
year = {1991}
}
@article{Pawlak07,
author = {Pawlak, Z. and Skowron, A.},
journal = {Information Sciences},
mendeley-groups = {Reducts},
number = {1},
pages = {41--73},
title = {{Rough sets and Boolean reasoning}},
volume = {177},
year = {2007}
}
@article{Piza14,
author = {Piza-Davila, I. and S\'{a}nchez-D\'{\i}az, G. and Aguirre-Salado, C.A. and Lazo-Cortes, M.S.},
journal = {Applied Intelligence},
keywords = {binary trees,feature selection,hill-climbing,irreducible,pattern recognition,testors},
mendeley-groups = {Reducts},
number = {4},
pages = {622--641},
title = {{A parallel hill-climbing algorithm to generate a subset of irreducible testors}},
volume = {42},
year = {2014}
}

@article{Piza20,
	author = {Piza-Dávila, I., Sánchez-Díaz, G., Lazo-Cortés, M. S., and Villalón-Turrubiates, I.},
	journal = {IEEE Access},
	number = {8},
	pages = {56312--56320},
	title = {{An Algorithm for Computing Minimum-Length Irreducible Testors}},
	year = {2020}
}

@book{Polkowski00,
  title={Rough Set Methods and Applications: New Developments in Knowledge Discovery in Information Systems},
  author={Polkowski, L. and Tsumoto, S. and Lin, T.Y.},
  volume={56},
  year={2000},
  publisher={Springer Science \& Business Media}
}
@inproceedings{Rodriguez2017,
author = {Rodr\'{\i}guez-Diez, V. and Mart\'{\i}nez-Trinidad, J.F. and Carrasco-Ochoa, J.A. and Lazo-Cort\'{e}s, M.S.},
booktitle = {Pattern Recognition: 9th MCPR 2017, Huatulco, Mexico, Proceedings},
pages = {127--136},
publisher = {Springer International Publishing},
title = {{Fast-BR vs. Fast-CT\_EXT: An Empirical Performance Study}},
year = {2017}
}

@article{Rodriguez2018,
	author = {Rodr{\'{i}}guez-Diez, V. and Mart{\'{i}}nez-Trinidad, J.F. and Carrasco-Ochoa, J.A. and Lazo-Cort{\'{e}}s, M.S.},
	journal = {Information Sciences},
	pages = {111--123},
	title = {{A new algorithm for reduct computation based on gap elimination and attribute contribution}},
	volume = {435},
	year = {2018}
}

@article{rodriguez20,
	author = {Rodr{\'{i}}guez-Diez, Vlad{\'{i}}mir and Mart{\'{i}}nez-Trinidad, Jos{\'{e}} Fco and Carrasco-Ochoa, J Ariel and Lazo-Cort{\'{e}}s, Manuel S and Olvera-L{\'{o}}pez, J Arturo},
	file = {:home/vladimir/MEGA/MEGAsync Uploads/latex{\_}inaoe/VSI/Review3/PRLETTERS-D-19-00971R3.pdf:pdf},
	journal = {Pattern Recognition Letters},
	pages = {177--184},
	publisher = {Elsevier},
	title = {{MinReduct: A new algorithm for computing the shortest reducts}},
	volume = {138},
	year = {2020}
}

@inproceedings{Rojas07,
author = {Rojas, A. and Cumplido, R.},
booktitle = {IDEAL 2007},
pages = {188--197},
title = {{FPGA-based architecture for computing testors}},
year = {2007}
}
@article{Ruiz85,
	author = {Ruiz-Shulcloper, J. and Aguila, L. and Bravo, A.},
	journal = {Revista ciencias matem\'{a}ticas (In Spanish)},
	mendeley-groups = {Reducts},
	pages = {11--18},
	title = {{BT and TB algorithms for computing all irreducible testors.}},
	volume = {2},
	year = {1985}
}
@article{Ruiz08,
author = {Ruiz-Shulcloper, J.},
journal = {Pattern Recognition and Image Analysis},
mendeley-groups = {Reducts},
number = {4},
pages = {563--576},
publisher = {Springer},
title = {{Pattern recognition with mixed and incomplete data}},
volume = {18},
year = {2008}
}
@book{Shulcloper95a,
address = {M\'{e}xico},
author = {{Ruiz-Shulcloper, J., Alba-Cabrera, E., Lazo-Cort\'{e}s}, M.S.},
publisher = {CINVESTAV-IPN},
mendeley-groups = {Reducts},
title = {{Introducci\'{o}n al Reconocimiento de Patrones (Enfoque L\'{o}gico-Combinatorio). Serie Verde No. 51.}},
year = {1995}
}
@book{Shulcloper95b,
address = {M\'{e}xico},
author = {{Ruiz-Shulcloper, J., Alba-Cabrera, E., Lazo-Cort\'{e}s}, M.S.},
mendeley-groups = {Reducts},
publisher = {CINVESTAV-IPN},
title = {{Introduction to Typical Testor theory. Green Series (In Spanish) No. 50.}},
year = {1995}
}
@article{Safar07,
author = {Safar, M. and El-Kharashi, M.W. and Salem, A.},
journal = {Canadian Conference on Electrical and Computer Engineering},
keywords = {Boolean satisfiability,Conflict diagnosis,Hardware acceleration},
mendeley-groups = {Reducts},
number = {May},
pages = {1901--1904},
title = {{FPGA-based SAT solver}},
year = {2007}
}
@inproceedings{Sanchez99,
author = {S\'{a}nchez-D\'{\i}az, G. and Lazo-Cort\'es, M.S. and Fuentes-Ch\'avez, O.},
booktitle = {Proc. of the Iberoamerican Symposium on Pattern Recognition (SIARP 1999)},
mendeley-groups = {Reducts},
pages = {207--213},
title = {{Genetic algorithm for calculating typical testors of minimal cost}},
year = {1999}
}
@article{sanchez02,
	author = {S\'{a}nchez-D\'{\i}az, G. and Lazo-Cort\'{e}s, M.S.},
	journal = {Revista ciencias matem\'{a}ticas (In Spanish)},
	mendeley-groups = {Reducts},
	number = {2},
	pages = {129--136},
	title = {{Modifications to the BT algorithm for reducing its runtime.}},
	volume = {20},
	year = {2002}
}
@incollection{Sanchez07,
author = {S\'{a}nchez-D\'{\i}az, G. and Lazo-Cort\'{e}s, M.S.},
booktitle = {Progress in Pattern Recognition, Image Analysis and Applications},
pages = {506--514},
publisher = {Springer},
title = {{CT-EXT: an algorithm for computing typical testor set}},
year = {2007}
}
@inproceedings{Sanchez10,
author = {S\'{a}nchez-D\'{\i}az, G. and Piza-Davila, I. and Lazo-Cort\'{e}s, M.S. and Mora-Gonz\'{a}lez, M. and Salinas-Luna, J.},
booktitle = {LNAI 2010},
number = {PART 2},
pages = {92--103},
title = {{A fast implementation of the CT-EXT algorithm for the testor property identification}},
volume = {6438},
year = {2010}
}
@article{santiesteban03,
	author = {Santiesteban, Y. and Pons-Porrata, A.},
	journal = {Revista ciencias matem\'{a}ticas (In Spanish)},
	mendeley-groups = {Reducts},
	number = {1},
	pages = {85--95},
	title = {{LEX: a new algorithm for the calculus of typical testors}},
	volume = {21},
	year = {2003}
}
@article{Sherali1984,
	author = {Sherali, H.D. and Rios, M.},
	journal = {Oper. Res. Soc.},
	mendeley-groups = {Reducts},
	number = {2},
	pages = {91--103},
	title = {{An air force crew allocation and scheduling problem}},
	volume = {35},
	year = {1984}
}
@incollection{Skowron92,
author = {Skowron, A. and Rauszer, C.},
booktitle = {Intelligent Decision Support},
mendeley-groups = {Reducts},
pages = {331--362},
publisher = {Springer},
title = {{The discernibility matrices and functions in information systems}},
year = {1992}
}
@article{Song2017,
	author = {Song, J. and Tsang, E.C.C and Chen, D. and Yang, X.},
	journal = {Knowledge-Based Systems},
	keywords = {Attribute reduction,Conditional probability,Decision cost,Decision-theoretic rough set model,Fuzzy set,Local reduction,Probabilistic rough set model},
	pages = {104--112},
	publisher = {Elsevier B.V.},
	title = {{Minimal decision cost reduct in fuzzy decision-theoretic rough set model}},
	volume = {126},
	year = {2017}
}


@article{Starzyk99,
author = {Starzyk, J. and Nelson, D.E. and Sturtz, K.},
journal = {Bulletin of international rough set society},
number = {May},
pages = {19--22},
title = {{Reduct generation in information systems}},
volume = {3},
year = {1999}
}
@article{Starzyk00,
author = {Starzyk, J.A. and Nelson, D.E. and Sturtz, K.},
journal = {Knowledge and Information Systems},
keywords = {data mining,information systems,rough sets},
mendeley-groups = {Reducts},
number = {2},
pages = {131--146},
title = {{A Mathematical Foundation for Improved Reduct Generation in Information Systems}},
volume = {2},
year = {2000}
}
@article{Stawicki2017,
author = {Stawicki, S. and {\'{S}}l{\c{e}}zak, D. and Janusz, A. and Widz, S.},
journal = {International Journal of Approximate Reasoning},
pages = {75--109},
title = {{Decision bireducts and decision reducts – a comparison}},
volume = {84},
year = {2017}
}

@article{Strakowski08,
author = {Strakowski, T. and Rybiński, H.},
journal = {Transactions on Rough Sets IX},
keywords = {distributed,reducts calculations,rough set theory},
mendeley-groups = {Reducts},
number = {3},
pages = {365--378},
title = {{A New Approach to Distributed Algorithms for Reduct Calculation}},
year = {2008}
}
@article{Susmaga1998,
author = {Susmaga, R.},
journal = {Foundations of Computing and Decision Sciences},
number = {2},
pages = {119--137},
title = {{Computation of shortest reducts}},
volume = {23},
year = {1998}
}
@inproceedings{Susmaga1999,
author = {Susmaga, R.},
booktitle = {Ra\'{s} Z.W., Skowron A. (eds) Foundations of Intelligent Systems. ISMIS 1999},
mendeley-groups = {Reducts},
pages = {448--456},
publisher = {Springer, Berlin, Heidelberg},
title = {{Computation of minimal cost reducts}},
volume = {1609},
year = {1999}
}
@article{WangP07,
author = {Wang, P.C.},
journal = {Journal of Information Science and Engineering},
keywords = {information reduction,knowledge reduction,reducts generation,rough set theory,scalable reducts generation},
mendeley-groups = {Reducts},
number = {23},
pages = {1281--1298},
title = {{Highly Scalable Rough Set Reducts Generation}},
volume = {4},
year = {2007}
}
@inproceedings{Xu2013,
author = {Xu, B. and Chen, H. and Zhu, W. and Zhu, X.},
booktitle = {Proceedings of the 2013 Joint IFSA World Congress and NAFIPS Annual Meeting, IFSA/NAFIPS 2013},
pages = {1377--1381},
title = {{Multi-objective cost-sensitive attribute reduction}},
year = {2013}
}
@article{Yang08,
author = {Yang, P. and Li, J. and Huang, Y.},
journal = {2008 Fifth International Conference on Fuzzy Systems and Knowledge Discovery},
title = {{An Attribute Reduction Algorithm by Rough Set Based on Binary Discernibility Matrix}},
volume = {2},
year = {2008}
}
@article{Yao09,
author = {Yao, Y. and Zhao, Y.},
journal = {Information Sciences},
keywords = {Algorithms,Attribute reduction,Discernibility matrix,Matrix simplification,Rough sets},
mendeley-groups = {Reducts},
number = {7},
pages = {867--882},
title = {{Discernibility matrix simplification for constructing attribute reducts}},
volume = {179},
year = {2009}
}
@article{Zheng14,
author = {Zheng, K. and Hu, J. and Zhan, Z. and Ma, J. and Qi, J.},
journal = {Expert Systems with Applications},
mendeley-groups = {Reducts},
number = {15},
pages = {6748--6754},
publisher = {Elsevier Ltd},
title = {{An enhancement for heuristic attribute reduction algorithm in rough set}},
volume = {41},
year = {2014}
}
@inproceedings{Zhou2009,
	author = {Zhou, J. and Miao, D. and Feng, Q. and Sun, L.},
	booktitle = {RSKT 2009},
	pages = {152--159},
	title = {{Research on Complete Algorithms for Minimal Attribute Reduction}},
	year = {2009}
}
@article{ZHOU2014,
author = {Zhou, J.H. and Xu, Z.Y. and Zhang, C.G.},
journal = {Journal of Chinese Computer Systems},
mendeley-groups = {Reducts},
number = {33},
title = {{Quick Attribute Reduction Algorithm Based on the Improved Discernibility Matrix}},
volume = {4},
year = {2014}
}
